@ARTICLE{2004PASP..116..148P,
   author = {{Pych}, W.},
    title = "{A Fast Algorithm for Cosmic-Ray Removal from Single Images}",
  journal = {\pasp},
   eprint = {astro-ph/0311290},
 keywords = {ISM: Cosmic Rays, Methods: Data Analysis, Techniques: Image Processing},
     year = 2004,
    month = feb,
   volume = 116,
    pages = {148-153},
      doi = {10.1086/381786},
   adsurl = {http://adsabs.harvard.edu/abs/2004PASP..116..148P},
  adsnote = {Provided by the SAO/NASA Astrophysics Data System}
}

@INPROCEEDINGS{2004SPIE.5492..331C,
   author = {{Clemens}, J.~C. and {Crain}, J.~A. and {Anderson}, R.},
    title = "{The Goodman spectrograph}",
booktitle = {Ground-based Instrumentation for Astronomy},
     year = 2004,
   series = {Proceedings of SPIE},
   volume = 5492,
    month = sep,
    pages = {331-340},
      doi = {10.1117/12.550069},
   adsurl = {http://adsabs.harvard.edu/abs/2004SPIE.5492..331C},
  adsnote = {Provided by the SAO/NASA Astrophysics Data System}
}

@ARTICLE{2002AaA...382..752H,
   author = {{Hynes}, R.~I.},
    title = "{An optimal extraction of spatially blended spectra}",
  journal = {\aap},
   eprint = {astro-ph/0111477},
 keywords = {TECHNIQUES: SPECTROSCOPIC},
     year = 2002,
    month = feb,
   volume = 382,
    pages = {752-757},
      doi = {10.1051/0004-6361:20011657},
   adsurl = {http://adsabs.harvard.edu/abs/2002A%26A...382..752H},
  adsnote = {Provided by the SAO/NASA Astrophysics Data System}
}

@INPROCEEDINGS{1990ESOC...34...73K,
   author = {{Kinney}, A.~L. and {Bohlin}, R.~C. and {Neill}, J.~D.},
    title = "{Weighted Slit Extractions of Spectral Data}",
booktitle = {European Southern Observatory Conference and Workshop Proceedings},
     year = 1990,
   series = {European Southern Observatory Conference and Workshop Proceedings},
   volume = 34,
   editor = {{Baade}, D. and {Grosbol}, P.~J.},
    pages = {73},
   adsurl = {http://adsabs.harvard.edu/abs/1990ESOC...34...73K},
  adsnote = {Provided by the SAO/NASA Astrophysics Data System}
}

@ARTICLE{2006AaA...446..747G,
   author = {{Greisen}, E.~W. and {Calabretta}, M.~R. and {Valdes}, F.~G. and 
	{Allen}, S.~L.},
    title = "{Representations of spectral coordinates in FITS}",
  journal = {\aap},
   eprint = {astro-ph/0507293},
 keywords = {methods: data analysis, techniques: image processing, techniques: radial velocities, techniques: spectroscopic, astronomical data bases: miscellaneous},
     year = 2006,
    month = feb,
   volume = 446,
    pages = {747-771},
      doi = {10.1051/0004-6361:20053818},
   adsurl = {http://adsabs.harvard.edu/abs/2006A%26A...446..747G},
  adsnote = {Provided by the SAO/NASA Astrophysics Data System}
}

@INBOOK{2013pss2.book...35M,
   author = {{Massey}, P. and {Hanson}, M.~M.},
    title = "{Astronomical Spectroscopy}",
 keywords = {Physics},
booktitle = {Planets, Stars and Stellar Systems.~Volume 2: Astronomical Techniques, Software and Data},
     year = 2013,
   editor = {{Oswalt}, T.~D. and {Bond}, H.~E.},
    pages = {35},
      doi = {10.1007/978-94-007-5618-2_2},
   adsurl = {http://adsabs.harvard.edu/abs/2013pss2.book...35M},
  adsnote = {Provided by the SAO/NASA Astrophysics Data System}
}

@ARTICLE{2013ApJS..209...21S,
   author = {{Schirmer}, M.},
    title = "{THELI: Convenient Reduction of Optical, Near-infrared, and Mid-infrared Imaging Data}",
  journal = {\apjs},
archivePrefix = "arXiv",
   eprint = {1308.4989},
 primaryClass = "astro-ph.IM",
 keywords = {techniques: image processing },
     year = 2013,
    month = dec,
   volume = 209,
      eid = {21},
    pages = {21},
      doi = {10.1088/0067-0049/209/2/21},
   adsurl = {http://adsabs.harvard.edu/abs/2013ApJS..209...21S},
  adsnote = {Provided by the SAO/NASA Astrophysics Data System}
}

@ARTICLE{2001PASP..113.1420V,
   author = {{van Dokkum}, P.~G.},
    title = "{Cosmic-Ray Rejection by Laplacian Edge Detection}",
  journal = {\pasp},
   eprint = {astro-ph/0108003},
 keywords = {Instrumentation: Detectors, Methods: Data Analysis-techniques: image processing},
     year = 2001,
    month = nov,
   volume = 113,
    pages = {1420-1427},
      doi = {10.1086/323894},
   adsurl = {http://adsabs.harvard.edu/abs/2001PASP..113.1420V},
  adsnote = {Provided by the SAO/NASA Astrophysics Data System}
}

@ARTICLE{1989PASP..101.1032M,
   author = {{Marsh}, T.~R.},
    title = "{The extraction of highly distorted spectra}",
  journal = {\pasp},
 keywords = {Astronomical Spectroscopy, Data Reduction, Point Sources, Charge Coupled Devices, Pixels, Signal To Noise Ratios},
     year = 1989,
    month = nov,
   volume = 101,
    pages = {1032-1037},
      doi = {10.1086/132570},
   adsurl = {http://adsabs.harvard.edu/abs/1989PASP..101.1032M},
  adsnote = {Provided by the SAO/NASA Astrophysics Data System}
}

@ARTICLE{1986PASP...98..609H,
   author = {{Horne}, K.},
    title = "{An optimal extraction algorithm for CCD spectroscopy}",
  journal = {\pasp},
 keywords = {Astronomical Spectroscopy, Charge Coupled Devices, Data Reduction, Spectrum Analysis, Image Processing, Iteration, Optimization, Spatial Resolution, Stellar Spectra, Variance (Statistics)},
     year = 1986,
    month = jun,
   volume = 98,
    pages = {609-617},
      doi = {10.1086/131801},
   adsurl = {http://adsabs.harvard.edu/abs/1986PASP...98..609H},
  adsnote = {Provided by the SAO/NASA Astrophysics Data System}
}


