@ARTICLE{2004PASP..116..148P,
   author = {{Pych}, W.},
    title = "{A Fast Algorithm for Cosmic-Ray Removal from Single Images}",
  journal = {\pasp},
   eprint = {astro-ph/0311290},
 keywords = {ISM: Cosmic Rays, Methods: Data Analysis, Techniques: Image Processing},
     year = 2004,
    month = feb,
   volume = 116,
    pages = {148-153},
      doi = {10.1086/381786},
   adsurl = {http://adsabs.harvard.edu/abs/2004PASP..116..148P},
  adsnote = {Provided by the SAO/NASA Astrophysics Data System}
}

@INPROCEEDINGS{2004SPIE.5492..331C,
   author = {{Clemens}, J.~C. and {Crain}, J.~A. and {Anderson}, R.},
    title = "{The Goodman spectrograph}",
     year = 2004,
   series = {Proceedings of SPIE},
   volume = 5492,
    month = sep,
    pages = {331-340},
      doi = {10.1117/12.550069},
   adsurl = {http://adsabs.harvard.edu/abs/2004SPIE.5492..331C},
  adsnote = {Provided by the SAO/NASA Astrophysics Data System}
}


@ARTICLE{2001PASP..113.1420V,
   author = {{van Dokkum}, P.~G.},
    title = "{Cosmic-Ray Rejection by Laplacian Edge Detection}",
  journal = {\pasp},
   eprint = {astro-ph/0108003},
 keywords = {Instrumentation: Detectors, Methods: Data Analysis-techniques: image processing},
     year = 2001,
    month = nov,
   volume = 113,
    pages = {1420-1427},
      doi = {10.1086/323894},
   adsurl = {http://adsabs.harvard.edu/abs/2001PASP..113.1420V},
  adsnote = {Provided by the SAO/NASA Astrophysics Data System}
}

@ARTICLE{1989PASP..101.1032M,
   author = {{Marsh}, T.~R.},
    title = "{The extraction of highly distorted spectra}",
  journal = {\pasp},
 keywords = {Astronomical Spectroscopy, Data Reduction, Point Sources, Charge Coupled Devices, Pixels, Signal To Noise Ratios},
     year = 1989,
    month = nov,
   volume = 101,
    pages = {1032-1037},
      doi = {10.1086/132570},
   adsurl = {http://adsabs.harvard.edu/abs/1989PASP..101.1032M},
  adsnote = {Provided by the SAO/NASA Astrophysics Data System}
}

@ARTICLE{1986PASP...98..609H,
   author = {{Horne}, K.},
    title = "{An optimal extraction algorithm for CCD spectroscopy}",
  journal = {\pasp},
 keywords = {Astronomical Spectroscopy, Charge Coupled Devices, Data Reduction, Spectrum Analysis, Image Processing, Iteration, Optimization, Spatial Resolution, Stellar Spectra, Variance (Statistics)},
     year = 1986,
    month = jun,
   volume = 98,
    pages = {609-617},
      doi = {10.1086/131801},
   adsurl = {http://adsabs.harvard.edu/abs/1986PASP...98..609H},
  adsnote = {Provided by the SAO/NASA Astrophysics Data System}
}


